@misc{Lant2010,
author = {Lant, Michael},
booktitle = {Software Development, Agile Methods and the Intersection of People Process and Technology},
title = {{How To Make Your Project Not Suck by Using an Agile Project Charter}},
url = {http://michaellant.com/2010/05/18/how-to-make-your-project-not-suck/},
year = {2010}
}
@book{Rubin2012,
author = {Rubin, Kenneth S},
edition = {1st},
isbn = {0137043295, 9780137043293},
publisher = {Addison-Wesley Professional},
title = {{Essential Scrum: A Practical Guide to the Most Popular Agile Process}},
year = {2012}
}
@techreport{US12,
institution = {U.S. Department of Defense},
pages = {2--7},
title = {{DOD Sample Phase I Proposal}},
url = {http://www.acq.osd.mil/osbp/sbir/sb/resources/sample-proposals.shtml},
year = {2011}
}
@URL{Anon2019,
author = {Timothy,A. Chick},
booktitle = {Agile Metrics: Progress Monitoring of Agile Contractors},
title = {{Sprint burn cycle}},
url = {https://www.researchgate.net/figure/Sample-Sprint-Burn-Down-Chart_fig6_266049888 },
year = {Jan 2014}
}